@book{Deitel2016,
    author = {Deitel, P. M. and Deitel, H. M.},
    title = {{J}ava: como programar},
    publisher = {Pearson},
    address = {São Paulo},
    edition = {10},
    pages = {968},
    year = {2016}
}

@online{King2008,
	author = {King, K. N.},
	title = {{C} {P}rogramming: a modern approach},
    publisher = {W. W. Norton \& Company},
    address = {New York},
    edition = {2},
    pages = {805},
    year = {2008}
}

@article{Perlis1982,
    author = {Perlis, A. J.},
    title = {Special Feature: Epigrams on Programming},
    journal = {SIGPLAN Not.},
    issue_date = {September 1982},
    volume = {17},
    number = {9},
    month = sep,
    year = {1982},
    issn = {0362-1340},
    pages = {7--13},
    numpages = {7},
    url = {http://doi.acm.org/10.1145/947955.1083808},
    doi = {10.1145/947955.1083808},
    acmid = {1083808},
    publisher = {ACM},
    address = {New York, NY, USA},
}

@online{URIOnlineJudge2020,
    title = {{U}{R}{I} {O}nline {J}udge},
	year = {2020},
    url = {http://www.urionlinejudge.com.br/},
    urlaccessdate = {11 de março de 2020}
}